<?xml version="1.0" encoding="UTF-8"?><record xmlns="http://www.loc.gov/MARC21/slim" xmlns:cinclude="http://apache.org/cocoon/include/1.0" xmlns:zs="http://www.loc.gov/zing/srw/">
  <leader>00557cz  a2200169n  4500</leader>
  <controlfield tag="001">n  00109507 </controlfield>
  <controlfield tag="003">DLC</controlfield>
  <controlfield tag="005">20130320075402.0</controlfield>
  <controlfield tag="008">001010n| azannaabn          |a aaa      </controlfield>
  <datafield tag="010" ind1=" " ind2=" ">
    <subfield code="a">n  00109507 </subfield>
  </datafield>
  <datafield tag="040" ind1=" " ind2=" ">
    <subfield code="a">DLC</subfield>
    <subfield code="b">eng</subfield>
    <subfield code="e">rda</subfield>
    <subfield code="c">DLC</subfield>
    <subfield code="d">DLC</subfield>
  </datafield>
  <datafield tag="046" ind1=" " ind2=" ">
    <subfield code="k">2002</subfield>
  </datafield>
  <datafield tag="100" ind1="1" ind2=" ">
    <subfield code="a">Lubich, Chiara,</subfield>
    <subfield code="d">1920-2008.</subfield>
    <subfield code="t">Works.</subfield>
    <subfield code="k">Selections.</subfield>
    <subfield code="l">English.</subfield>
    <subfield code="f">2002</subfield>
  </datafield>
  <datafield tag="377" ind1=" " ind2=" ">
    <subfield code="a">eng</subfield>
  </datafield>
  <datafield tag="400" ind1="1" ind2=" ">
    <subfield code="a">Lubich, Chiara,</subfield>
    <subfield code="d">1920-2008.</subfield>
    <subfield code="t">Only at night we see the stars.</subfield>
    <subfield code="f">2002</subfield>
  </datafield>
  <datafield tag="400" ind1="1" ind2=" ">
    <subfield code="w">nnea</subfield>
    <subfield code="a">Lubich, Chiara,</subfield>
    <subfield code="d">1920-2008.</subfield>
    <subfield code="t">Selections.</subfield>
    <subfield code="l">English.</subfield>
    <subfield code="f">2002</subfield>
  </datafield>
  <datafield tag="670" ind1=" " ind2=" ">
    <subfield code="a">Only at night we see the stars, c2002.</subfield>
  </datafield>
</record>